<collection xmlns="http://www.loc.gov/MARC21/slim">
<record>
  <leader>02053cam a2200421 a 4500</leader>
  <controlfield tag="001">642043</controlfield>
  <controlfield tag="008">890919r19881985abc      bc       0 ukr d</controlfield>
  <datafield tag="010" ind1=" " ind2=" ">
    <subfield code="a">   86179871</subfield>
  </datafield>
  <datafield tag="035" ind1=" " ind2=" ">
    <subfield code="a">ocm65725933</subfield>
  </datafield>
  <datafield tag="040" ind1=" " ind2=" ">
    <subfield code="a">DLC</subfield>
    <subfield code="b">eng</subfield>
    <subfield code="c">DLC</subfield>
  </datafield>
  <datafield tag="043" ind1=" " ind2=" ">
    <subfield code="a">e-ur-un</subfield>
  </datafield>
  <datafield tag="049" ind1=" " ind2=" ">
    <subfield code="a">AEU</subfield>
    <subfield code="b">eng</subfield>
  </datafield>
  <datafield tag="050" ind1="0" ind2="0">
    <subfield code="a">Z6956.S65</subfield>
    <subfield code="b">P36 1985</subfield>
    <subfield code="a">PN5278.U42</subfield>
  </datafield>
  <datafield tag="090" ind1="0" ind2=" ">
    <subfield code="a">PN 5278 U32 Z9 A316 1988</subfield>
    <subfield code="b">AEU</subfield>
  </datafield>
  <datafield tag="110" ind1="2" ind2=" ">
    <subfield code="a">Akademii͡a nauk Ukraïnsʹkoï RSR.</subfield>
    <subfield code="b">T͡Sentralʹna naukova biblioteka.</subfield>
  </datafield>
  <datafield tag="245" ind1="1" ind2="0">
    <subfield code="a">Hazety Radi͡ansʹkoï Ukraïny, 1926-1929 rr. u fondakh T͡Sentralʹnoı̈ naukovoı̈ biblioteky Akademii nauk Ukraı̈nsʹkoı̈ RSR) :</subfield>
    <subfield code="b">kataloh /</subfield>
    <subfield code="c">[ukladachi, L.V. Pakhucha (kerivnyk roboty), O.S. Luk&apos;i͡anchuk, I.V. Sira].</subfield>
  </datafield>
  <datafield tag="260" ind1=" " ind2=" ">
    <subfield code="a">Edmonton :</subfield>
    <subfield code="b">Kanadsʹkyı̆ instytut ukraı̈nsʹkykh studiı̆,</subfield>
    <subfield code="c">1988.</subfield>
  </datafield>
  <datafield tag="300" ind1=" " ind2=" ">
    <subfield code="a">305 p. ;</subfield>
    <subfield code="c">28 cm.</subfield>
  </datafield>
  <datafield tag="336" ind1=" " ind2=" ">
    <subfield code="a">text</subfield>
    <subfield code="b">txt</subfield>
    <subfield code="2">rdacontent</subfield>
  </datafield>
  <datafield tag="337" ind1=" " ind2=" ">
    <subfield code="a">unmediated</subfield>
    <subfield code="b">n</subfield>
    <subfield code="2">rdamedia</subfield>
  </datafield>
  <datafield tag="338" ind1=" " ind2=" ">
    <subfield code="a">volume</subfield>
    <subfield code="b">nc</subfield>
    <subfield code="2">rdacarrier</subfield>
  </datafield>
  <datafield tag="490" ind1="1" ind2=" ">
    <subfield code="a">Dovidnyk ;</subfield>
    <subfield code="v">no. 28</subfield>
  </datafield>
  <datafield tag="500" ind1=" " ind2=" ">
    <subfield code="a">Title in colophon: Gazety Sovetskoĭ Ukrainy 1926-1929 gg. v fondakh T͡SNB AN USSR.</subfield>
  </datafield>
  <datafield tag="500" ind1=" " ind2=" ">
    <subfield code="a">Continues: Hazety Radi͡ansʹkoï Ukraïny, 1921-1925.</subfield>
  </datafield>
  <datafield tag="500" ind1=" " ind2=" ">
    <subfield code="a">Title on added t.p.: Soviet Ukrainian Newspapers 1926-1929 : holdings of the Central Academic Library of the Ukrainian SSR Academy of Science.</subfield>
  </datafield>
  <datafield tag="504" ind1=" " ind2=" ">
    <subfield code="a">Bibliography: p. 303-305.</subfield>
  </datafield>
  <datafield tag="534" ind1=" " ind2=" ">
    <subfield code="p">Reprint. Originally published:</subfield>
    <subfield code="c">Kyı̈v : AN URSR T͡SNB, 1985.</subfield>
  </datafield>
  <datafield tag="596" ind1=" " ind2=" ">
    <subfield code="a">38</subfield>
  </datafield>
  <datafield tag="610" ind1="2" ind2="0">
    <subfield code="a">Akademii͡a nauk Ukraïnsʹkoï RSR.</subfield>
    <subfield code="b">T͡Sentralʹna naukova biblioteka</subfield>
    <subfield code="v">Catalogs.</subfield>
  </datafield>
  <datafield tag="650" ind1=" " ind2="0">
    <subfield code="a">Ukrainian newspapers</subfield>
    <subfield code="z">Ukraine</subfield>
    <subfield code="z">Kiev</subfield>
    <subfield code="v">Bibliography</subfield>
    <subfield code="v">Catalogs.</subfield>
  </datafield>
  <datafield tag="700" ind1="1" ind2=" ">
    <subfield code="a">Luk&apos;i͡anchuk, O. S.</subfield>
  </datafield>
  <datafield tag="700" ind1="1" ind2=" ">
    <subfield code="a">Sira, I. V.</subfield>
  </datafield>
  <datafield tag="700" ind1="1" ind2=" ">
    <subfield code="a">Pakhucha, L. V.</subfield>
  </datafield>
  <datafield tag="710" ind1="2" ind2=" ">
    <subfield code="a">Akademii͡a nauk Ukraïnsʹkoï RSR.</subfield>
    <subfield code="b">T͡Sentralʹna naukova biblioteka.</subfield>
    <subfield code="b">Viddil hazetnykh fondiv.</subfield>
  </datafield>
  <datafield tag="740" ind1="0" ind2=" ">
    <subfield code="a">Gazety Sovetskoĭ Ukrainy 1926-1929 gg. v fondakh T͡SNB AN USSR.</subfield>
  </datafield>
  <datafield tag="740" ind1="0" ind2=" ">
    <subfield code="a">Soviet Ukrainian newspapers, 1926-1929.</subfield>
  </datafield>
  <datafield tag="830" ind1=" " ind2="0">
    <subfield code="a">Occasional research reports ;</subfield>
    <subfield code="v">no. 28.</subfield>
  </datafield>
  <datafield tag="926" ind1=" " ind2=" ">
    <subfield code="a">UABARD</subfield>
    <subfield code="b">ON_SHELF</subfield>
    <subfield code="c">PN 5278 U32 Z9 A316 1988</subfield>
    <subfield code="d">BOOK</subfield>
    <subfield code="f">2</subfield>
  </datafield>
</record>
</collection>
